@article{unacita,
  title={the title},
  author={one author},
  journal={one journal},
  volume={1},
  number={1},
  pages={4--15},
  year={2015}
}
